<record><leader>00000cas a2200000 a 4500</leader><controlfield tag="001">13573121</controlfield><controlfield tag="008">860515d19071914iluwr ne      0   a0eng c</controlfield><datafield ind1=" " ind2=" " tag="010"><subfield code="a">sn 86063848 </subfield></datafield><datafield ind1=" " ind2=" " tag="040"><subfield code="a">KSH</subfield><subfield code="b">eng</subfield><subfield code="c">KSH</subfield><subfield code="d">NPT</subfield><subfield code="d">NPI</subfield><subfield code="d">NVF</subfield><subfield code="d">OBN</subfield><subfield code="d">CVF</subfield><subfield code="d">NVF</subfield><subfield code="d">CGU</subfield><subfield code="d">CUI</subfield><subfield code="d">NVF</subfield><subfield code="d">OCLCQ</subfield><subfield code="d">OCLCF</subfield><subfield code="d">OCLCO</subfield></datafield><datafield ind1="1" ind2=" " tag="029"><subfield code="a">AU@</subfield><subfield code="b">000004644289</subfield></datafield><datafield ind1=" " ind2=" " tag="042"><subfield code="a">pcc</subfield></datafield><datafield ind1=" " ind2=" " tag="043"><subfield code="a">n-us-il</subfield></datafield><datafield ind1=" " ind2="4" tag="050"><subfield code="a">AN</subfield></datafield><datafield ind1="0" ind2="4" tag="245"><subfield code="a">The weekly inter ocean and farmer.</subfield></datafield><datafield ind1=" " ind2=" " tag="260"><subfield code="a">Chicago, Ill. :</subfield><subfield code="b">Inter Ocean Newspaper Co.,</subfield><subfield code="c">1907-1914.</subfield></datafield><datafield ind1=" " ind2=" " tag="300"><subfield code="a">v.</subfield></datafield><datafield ind1=" " ind2=" " tag="310"><subfield code="a">Weekly</subfield></datafield><datafield ind1="1" ind2=" " tag="362"><subfield code="a">Began in 1907; ceased in Oct. 1914.</subfield></datafield><datafield ind1=" " ind2=" " tag="580"><subfield code="a">Daily eds.: Inter ocean (Chicago, Ill. : 1902), 1907-1914, and: Chicago record-herald and the inter ocean, 1914.</subfield></datafield><datafield ind1=" " ind2=" " tag="588"><subfield code="a">Description based on: Vol. 35, no. 36 (Nov. 27, 1907).</subfield></datafield><datafield ind1=" " ind2=" " tag="588"><subfield code="a">Latest issue consulted: Oct. 9, 1914.</subfield></datafield><datafield ind1=" " ind2="0" tag="651"><subfield code="a">Chicago (Ill.)</subfield><subfield code="v">Newspapers.</subfield></datafield><datafield ind1=" " ind2="0" tag="651"><subfield code="a">Cook County (Ill.)</subfield><subfield code="v">Newspapers.</subfield></datafield><datafield ind1=" " ind2="7" tag="655"><subfield code="a">Newspapers.</subfield><subfield code="2">fast</subfield><subfield code="0">(OCoLC)fst01423814</subfield></datafield><datafield ind1=" " ind2="7" tag="651"><subfield code="a">Illinois</subfield><subfield code="z">Chicago.</subfield><subfield code="2">fast</subfield><subfield code="0">(OCoLC)fst01204048</subfield></datafield><datafield ind1=" " ind2="7" tag="651"><subfield code="a">Illinois</subfield><subfield code="z">Cook County.</subfield><subfield code="2">fast</subfield><subfield code="0">(OCoLC)fst01205334</subfield></datafield><datafield ind1=" " ind2=" " tag="752"><subfield code="a">United States</subfield><subfield code="b">Illinois</subfield><subfield code="c">Cook</subfield><subfield code="d">Chicago.</subfield></datafield><datafield ind1="1" ind2=" " tag="775"><subfield code="t">Inter ocean (Chicago, Ill. : 1902)</subfield><subfield code="w">(DLC)sn 85038322</subfield><subfield code="w">(OCoLC)12037461</subfield></datafield><datafield ind1="1" ind2=" " tag="775"><subfield code="t">Chicago record-herald and the inter ocean</subfield><subfield code="w">(DLC)sn 83045679</subfield><subfield code="w">(OCoLC)9721679</subfield></datafield><datafield ind1="0" ind2="8" tag="776"><subfield code="i">Microfilm version:</subfield><subfield code="t">Weekly inter ocean and farmer</subfield><subfield code="w">(OCoLC)558876287</subfield></datafield><datafield ind1="0" ind2="0" tag="780"><subfield code="t">Weekly inter ocean</subfield><subfield code="w">(DLC)sn 82016390</subfield><subfield code="w">(OCoLC)9307710</subfield></datafield><datafield ind1="0" ind2="0" tag="785"><subfield code="t">Inter ocean farmer</subfield><subfield code="w">(DLC)sn 93055798</subfield><subfield code="w">(OCoLC)28453480</subfield></datafield></record>